@article{kingma2014adam,
  title={Adam: A method for stochastic optimization},
  author={Kingma, Diederik P and Ba, Jimmy},
  journal={arXiv preprint arXiv:1412.6980},
  year={2014}
}

@article{jahani2021doubly,
  title={Doubly adaptive scaled algorithm for machine learning using second-order information},
  author={Jahani, Majid and Rusakov, Sergey and Shi, Zheng and Richt{\'a}rik, Peter and Mahoney, Michael W and Tak{\'a}{\v{c}}, Martin},
  journal={arXiv preprint arXiv:2109.05198},
  year={2021}
}

@article{loshchilov2017decoupled,
  title={Decoupled weight decay regularization},
  author={Loshchilov, Ilya and Hutter, Frank},
  journal={arXiv preprint arXiv:1711.05101},
  year={2017}
}

@article{poggio1987computational,
  title={Computational vision and regularization theory},
  author={Poggio, Tomaso and Torre, Vincent and Koch, Christof},
  journal={Readings in computer vision},
  pages={638--643},
  year={1987},
  publisher={Elsevier}
}

@article{wilson2017marginal,
  title={The marginal value of adaptive gradient methods in machine learning},
  author={Wilson, Ashia C and Roelofs, Rebecca and Stern, Mitchell and Srebro, Nati and Recht, Benjamin},
  journal={Advances in neural information processing systems},
  volume={30},
  year={2017}
}

@article{sadiev2022stochastic,
  title={Stochastic gradient methods with preconditioned updates},
  author={Sadiev, Abdurakhmon and Beznosikov, Aleksandr and Almansoori, Abdulla Jasem and Kamzolov, Dmitry and Tappenden, Rachael and Tak{\'a}{\v{c}}, Martin},
  journal={arXiv preprint arXiv:2206.00285},
  year={2022}
}

@article{beznosikov2022scaled,
  title={On scaled methods for saddle point problems},
  author={Beznosikov, Aleksandr and Alanov, Aibek and Kovalev, Dmitry and Tak{\'a}{\v{c}}, Martin and Gasnikov, Alexander},
  journal={arXiv preprint arXiv:2206.08303},
  year={2022}
}

@article{stich2019unified,
  title={Unified optimal analysis of the (stochastic) gradient method},
  author={Stich, Sebastian U},
  journal={arXiv preprint arXiv:1907.04232},
  year={2019}
}

@book{shalev2014understanding,
  title={Understanding machine learning: From theory to algorithms},
  author={Shalev-Shwartz, Shai and Ben-David, Shai},
  year={2014},
  publisher={Cambridge university press}
}

@inproceedings{goldberg2011oasis,
  title={Oasis: Online active semi-supervised learning},
  author={Goldberg, Andrew and Zhu, Xiaojin and Furger, Alex and Xu, Jun-Ming},
  booktitle={Proceedings of the AAAI Conference on Artificial Intelligence},
  volume={25},
  number={1},
  pages={362--367},
  year={2011}
}

@inproceedings{yao2021adahessian,
  title={Adahessian: An adaptive second order optimizer for machine learning},
  author={Yao, Zhewei and Gholami, Amir and Shen, Sheng and Mustafa, Mustafa and Keutzer, Kurt and Mahoney, Michael},
  booktitle={proceedings of the AAAI conference on artificial intelligence},
  volume={35},
  number={12},
  pages={10665--10673},
  year={2021}
}

@article{dennis1977quasi,
  title={Quasi-Newton methods, motivation and theory},
  author={Dennis, Jr, John E and Mor{\'e}, Jorge J},
  journal={SIAM review},
  volume={19},
  number={1},
  pages={46--89},
  year={1977},
  publisher={SIAM}
}

@article{lecun2015deep,
  title={Deep learning},
  author={LeCun, Yann and Bengio, Yoshua and Hinton, Geoffrey},
  journal={nature},
  volume={521},
  number={7553},
  pages={436--444},
  year={2015},
  publisher={Nature Publishing Group UK London}
}

@article{cunningham2008supervised,
  title={Supervised learning},
  author={Cunningham, P{\'a}draig and Cord, Matthieu and Delany, Sarah Jane},
  journal={Machine learning techniques for multimedia: case studies on organization and retrieval},
  pages={21--49},
  year={2008},
  publisher={Springer}
}

@article{rifkin2007notes,
  title={Notes on regularized least squares},
  author={Rifkin, Ryan M and Lippert, Ross A},
  year={2007}
}

@inproceedings{bottou2010large,
  title={Large-scale machine learning with stochastic gradient descent},
  author={Bottou, L{\'e}on},
  booktitle={Proceedings of COMPSTAT'2010: 19th International Conference on Computational StatisticsParis France, August 22-27, 2010 Keynote, Invited and Contributed Papers},
  pages={177--186},
  year={2010},
  organization={Springer}
}

@techreport{sobieszczanski1982linear,
  title={A linear decomposition method for large optimization problems. Blueprint for development},
  author={Sobieszczanski-Sobieski, Jaroslaw},
  year={1982}
}

@article{zhang2018three,
  title={Three mechanisms of weight decay regularization},
  author={Zhang, Guodong and Wang, Chaoqi and Xu, Bowen and Grosse, Roger},
  journal={arXiv preprint arXiv:1810.12281},
  year={2018}
}